% Encoding: UTF-8


@Article{abele2007agency,
  Title                    = {Agency and communion from the perspective of self versus others},
  Author                   = {Abele, Andrea E and Wojciszke, Bogdan},
  Journal                  = {Journal of Personality and Social Psychology},
  Year                     = {2007},
  Number                   = {5},
  Pages                    = {751--763},
  Volume                   = {93},
  Publisher                = {American Psychological Association}
}

@Article{abele2014communal,
  title={Communal and agentic content in social cognition: {A} dual perspective model},
  author={Abele, Andrea E and Wojciszke, Bogdan},
  journal={Advances in Experimental Social Psychology},
  volume={50},
  pages={195--255},
  year={2014},
  publisher={Academic Press}
}


@Article{abrams1988comments,
  Title                    = {Comments on the motivational status of self-esteem in social identity and intergroup discrimination},
  Author                   = {Abrams, Dominic and Hogg, Michael A},
  Journal                  = {European Journal of Social Psychology},
  Year                     = {1988},
  Number                   = {4},
  Pages                    = {317--334},
  Volume                   = {18},

  Publisher                = {Wiley Online Library}
}

@Article{allison1989being,
  Title                    = {On being better but not smarter than others: {T}he {M}uhammad {A}li effect},
  Author                   = {Allison, Scott T and Messick, David M and Goethals, George R},
  Journal                  = {Social Cognition},
  Year                     = {1989},
  Number                   = {3},
  Pages                    = {275--296},
  Volume                   = {7},

  Publisher                = {Guilford Publications, Inc.}
}

@article{alloy1979judgment,
  title={Judgment of contingency in depressed and nondepressed students: {S}adder but wiser?},
  author={Alloy, Lauren B and Abramson, Lyn Y},
  journal={Journal of Experimental Psychology: {G}eneral},
  volume={108},
  number={4},
  pages={441--485},
  year={1979},
  publisher={American Psychological Association}
}

@article{anderson1983spreading,
  title={A spreading activation theory of memory},
  author={Anderson, John R},
  journal={Journal of Verbal Learning and Verbal Behavior},
  volume={22},
  number={3},
  pages={261--295},
  year={1983},
  publisher={Elsevier}
}

@article{bandura1977self,
  title={Self-efficacy: toward a unifying theory of behavioral change.},
  author={Bandura, Albert},
  journal={Psychological Review},
  volume={84},
  number={2},
  pages={191--215},
  year={1977},
  publisher={American Psychological Association}
}

@article{bandura1982self,
  title={Self-efficacy mechanism in human agency},
  author={Bandura, Albert},
  journal={American Psychologist},
  volume={37},
  number={2},
  pages={122--147},
  year={1982},
  publisher={American Psychological Association}
}

@Article{bandura1991social,
  author    = {Bandura, Albert},
  title     = {Social cognitive theory of self-regulation},
  journal   = {Organizational Behavior and Human Decision Processes},
  year      = {1991},
  volume    = {50},
  number    = {2},
  pages     = {248--287},
  publisher = {Elsevier},
}

@Book{bandura1994self,
  Title                    = {Self-efficacy: {T}he exercise of control},
  Author                   = {Bandura, Albert},
  Publisher                = {New York: Wiley Online Library},
  Year                     = {1994}
}

@Incollection{barkow1980prestige,
  title={Prestige and self-esteem: {A} biosocial interpretation},
  author={Barkow, Jerome H},
  editor={Omark, D. R. and Strayer, F. F. and Freedman, D. G.},
  booktitle={Dominance relations: {A}n ethological view of human conflict and social interaction},
  pages={319--332},
  year={1980},
  address={New York},
  pulisher={Garland STPM}
}

@article{bauman2012corporate,
  title={Corporate social responsibility as a source of employee satisfaction},
  author={Bauman, Christopher W and Skitka, Linda J},
  journal={Research in Organizational Behavior},
  volume={32},
  pages={63--86},
  year={2012},
  publisher={Elsevier}
}

@article{baumeister1985self,
  title={Self-esteem and responses to success and failure: {S}ubsequent performance and intrinsic motivation},
  author={Baumeister, Roy F and Tice, Dianne M},
  journal={Journal of Personality},
  volume={53},
  number={3},
  pages={450--467},
  year={1985},
  publisher={Wiley Online Library}
}

@Article{baumeister1989self,
  author    = {Baumeister, Roy F and Tice, Dianne M and Hutton, Debra G},
  title     = {Self-presentational motivations and personality differences in self-esteem},
  journal   = {Journal of Personality},
  year      = {1989},
  volume    = {57},
  number    = {3},
  pages     = {547--579},
  publisher = {Wiley Online Library},
}

@article{baumeister1993ego,
  title={When ego threats lead to self-regulation failure: negative consequences of high self-esteem.},
  author={Baumeister, Roy F and Heatherton, Todd F and Tice, Dianne M},
  journal={Journal of personality and social psychology},
  volume={64},
  number={1},
  pages={141--156},
  year={1993},
  publisher={American Psychological Association}
}

@article{baumeister2003does,
  title={Does high self-esteem cause better performance, interpersonal success, happiness, or healthier lifestyles?},
  author={Baumeister, Roy F and Campbell, Jennifer D and Krueger, Joachim I and Vohs, Kathleen D},
  journal={Psychological Science in the Public Interest},
  volume={4},
  number={1},
  pages={1--44},
  year={2003},
  publisher={Sage Publications}
}

@book{bednar1989self,
  title={Self-esteem: Paradoxes and innovations in clinical theory and practice.},
  author={Bednar, Richard L and Wells, M Gawain and Peterson, Scott R},
  year={1989},
  address={Washington, DC},
  publisher={American Psychological Association}
}

@Article{berinsky2012evaluating,
  Title                    = {Evaluating online labor markets for experimental research: {A}mazon.com's {M}echanical {T}urk},
  Author                   = {Berinsky, Adam J and Huber, Gregory A and Lenz, Gabriel S},
  Journal                  = {Political Analysis},
  Year                     = {2012},
  Number                   = {3},
  Pages                    = {351--368},
  Volume                   = {20},

  Publisher                = {SPM-PMSAPSA}
}

@book{bialobrzeska2015perspektywy,
  Title                    = {Jak przyj{\k{e}}cie perspektywy sprawcy i biorcy wp{\l}ywa na ocen{\k{e}} siebie i innych: {E}mpiryczna weryfikacja {M}odelu {S}prawcy-{Biorcy}},
  Author                   = {Bia{\l}obrzeska, Olga},
  Publisher                = {Rozprawa doktorska},
  Year                     = {2015}
}

@article{brambilla2014importance,
  title={On the importance of being moral: {T}he distinctive role of morality in social judgment},
  author={Brambilla, Marco and Leach, Colin Wayne},
  journal={Social Cognition},
  volume={32},
  number={4},
  pages={397--408},
  year={2014},
  publisher={Guilford Publications, Inc}
}

@article{brambilla2011looking,
  title={Looking for honesty: The primary role of morality (vs. sociability and competence) in information gathering},
  author={Brambilla, Marco and Rusconi, Patrice and Sacchi, Simona and Cherubini, Paolo},
  journal={European Journal of Social Psychology},
  volume={41},
  number={2},
  pages={135--143},
  year={2011},
  publisher={Wiley Online Library}
}

@article{brambilla2012you,
  title={You want to give a good impression? {B}e honest! {M}oral traits dominate group impression formation},
  author={Brambilla, Marco and Sacchi, Simona and Rusconi, Patrice and Cherubini, Paolo and Yzerbyt, Vincent Y},
  journal={British Journal of Social Psychology},
  volume={51},
  number={1},
  pages={149--166},
  year={2012},
  publisher={Wiley Online Library}
}

@Article{brewer2007importance,
  Title                    = {The importance of being we: {H}uman nature and intergroup relations},
  Author                   = {Brewer, Marilynn B},
  Journal                  = {American Psychologist},
  Year                     = {2007},
  Number                   = {8},
  Pages                    = {728--738},
  Volume                   = {62},

  Publisher                = {American Psychological Association}
}

@article{brewer1996we,
  title={Who is this ``We''? Levels of collective identity and self representations.},
  author={Brewer, Marilynn B and Gardner, Wendi},
  journal={Journal of personality and social psychology},
  volume={71},
  number={1},
  pages={83--93},
  year={1996},
  publisher={American Psychological Association}
}

@Incollection{brown1993self,
  title={Self-esteem and self-evaluation: {F}eeling is believing},
  author={Brown, Jonathon D.},
  editor={Suls, J},
  booktitle={Psychological perspectives on the self},
  volume={4},
  pages={27--58},
  year={2014},
  address={Hillsdale,NJ},
  publisher={Erlbaum}
}

@Article{carpenter2016,
  Title                    = {Stan: {A} probabilistic programming language},
  Author                   = {Carpenter, Bob and Gelman, Andrew and Hoffman, Matt and Lee, Daniel and Goodrich, Ben and Betancourt, Michael and Brubaker, Michael A. and Guo, Jiqiang and Li, Peter and Riddell, Allen},
  Journal                  = {Journal of Statistical Software},
  volume = {76},
  number = {1},
  year = {2017},
  pages = {1--32},
}

@incollection{cheek1989identity,
  title={Identity orientations and self-interpretation},
  author={Cheek, Jonathan M},
  editor={Buss, D. M. and Cantor, N.},
  booktitle={Personality psychology: {R}ecent trends and emerging directions},
  pages={275--285},
  year={1989},
  publisher={Springer}
}

@Article{crocker1990collective,
  Title                    = {Collective self-esteem and ingroup bias},
  Author                   = {Crocker, Jennifer and Luhtanen, Riia},
  Journal                  = {Journal of Personality and Social Psychology},
  Year                     = {1990},
  Number                   = {1},
  Pages                    = {60--67},
  Volume                   = {58},

  Publisher                = {American Psychological Association}
}

@article{davies1999reading,
  title={Reading and mathematics attainments and self-esteem in years 2 and 6-an eight-year cross-sectional study},
  author={Davies, Julie and Brember, Ivy},
  journal={Educational Studies},
  volume={25},
  number={2},
  pages={145--157},
  year={1999},
  publisher={Taylor \& Francis}
}

@article{deci2000and,
  title={The ``what'' and ``why'' of goal pursuits: Human needs and the self-determination of behavior},
  author={Deci, Edward L and Ryan, Richard M},
  journal={Psychological Inquiry},
  volume={11},
  number={4},
  pages={227--268},
  year={2000},
  publisher={Taylor \& Francis}
}

@article{di2002self,
  title={Self-esteem and persistence in the face of failure.},
  author={Di Paula, Adam and Campbell, Jennifer D},
  journal={Journal of Personality and Social Psychology},
  volume={83},
  number={3},
  pages={711--724},
  year={2002},
  publisher={American Psychological Association}
}

@article{dijksterhuis2004like,
  title={I like myself but I don't know why: {E}nhancing implicit self-esteem by subliminal evaluative conditioning.},
  author={Dijksterhuis, Ap},
  journal={Journal of Personality and Social Psychology},
  volume={86},
  number={2},
  pages={345},
  year={2004},
  publisher={American Psychological Association}
}


@article{dodgson1998self,
  title={Self-esteem and the cognitive accessibility of strengths and weaknesses after failure.},
  author={Dodgson, Philip G and Wood, Joanne V},
  journal={Journal of Personality and Social Psychology},
  volume={75},
  number={1},
  pages={178--197},
  year={1998},
  publisher={American Psychological Association}
}

@article{fiske2002model,
  title={A model of (often mixed) stereotype content: Competence and warmth respectively follow from perceived status and competition},
  author={Fiske, Susan T and Cuddy, Amy JC and Glick, Peter and Xu, Jun},
  journal={Journal of Personality and Social Psychology},
  volume={82},
  number={6},
  pages={878--902},
  year={2002},
  publisher={American Psychological Association}
}

@Article{ellemers2012morality,
  Title                    = {Morality in Groups: {O}n the Social-Regulatory Functions of Right and Wrong},
  Author                   = {Ellemers, Naomi and van den Bos, Kees},
  Journal                  = {Social and Personality Psychology Compass},
  Year                     = {2012},
  Number                   = {12},
  Pages                    = {878--889},
  Volume                   = {6},

  Publisher                = {Wiley Online Library}
}

@Article{ellemers2008better,
  Title                    = {Is it better to be moral than smart? {T}he effects of morality and competence norms on the decision to work at group status improvement},
  Author                   = {Ellemers, Naomi and Pagliaro, Stefano and Barreto, Manuela and Leach, Colin Wayne},
  Journal                  = {Journal of Personality and Social Psychology},
  Year                     = {2008},
  Number                   = {6},
  Pages                    = {1397--1410},
  Volume                   = {95},

  Publisher                = {American Psychological Association}
}

@article{ellemers2011corporate,
  title={Corporate social responsibility as a source of organizational morality, employee commitment and satisfaction},
  author={Ellemers, Naomi and Kingma, Lotte and van de Burgt, Jorgen and Barreto, Manuela},
  journal={Journal of Organizational Moral Psychology},
  volume={1},
  number={2},
  pages={97--124},
  year={2011}
}

@article{fiske2007universal,
  title={Universal dimensions of social cognition: {W}armth and competence},
  author={Fiske, Susan T and Cuddy, Amy JC and Glick, Peter},
  journal={Trends in Cognitive Sciences},
  volume={11},
  number={2},
  pages={77--83},
  year={2007},
  publisher={Elsevier}
}

@article{fritsche2013power,
  title={The power of we: {E}vidence for group-based control},
  author={Fritsche, Immo and Jonas, Eva and Ablasser, Catharina and Beyer, Magdalena and Kuban, Johannes and Manger, Anna-Marie and Schultz, Marlene},
  journal={Journal of Experimental Social Psychology},
  volume={49},
  number={1},
  pages={19--32},
  year={2013},
  publisher={Elsevier}
}

@article{gausel2011concern,
  title={Concern for self-image and social image in the management of moral failure: {R}ethinking shame},
  author={Gausel, Nicolay and Leach, Colin Wayne},
  journal={European Journal of Social Psychology},
  volume={41},
  number={4},
  pages={468--478},
  year={2011},
  publisher={Wiley Online Library}
}

@Article{gebauer2013agency,
  Title                    = {Agency-communion and self-esteem relations are moderated by culture, religiosity, age, and sex: {E}vidence for the ``self-centrality breeds self-enhancement'' principle},
  Author                   = {Gebauer, Jochen E and Wagner, Jenny and Sedikides, Constantine and Neberich, Wiebke},
  Journal                  = {Journal of Personality},
  Year                     = {2013},
  Number                   = {3},
  Pages                    = {261--275},
  Volume                   = {81},

  Publisher                = {Wiley Online Library}
}

@Book{gelman2014bayesian,
  Title                    = {Bayesian data analysis},
  Author                   = {Gelman, Andrew and Carlin, John B and Stern, Hal S and Rubin, Donald B},
  Address                  = {Boca Raton, FL},
  Publisher                = {Chapman {\&} Hall{/}CRC},
  Year                     = {2014}
}

@Article{gelman1992inference,
  Title                    = {Inference from iterative simulation using multiple sequences},
  Author                   = {Gelman, Andrew and Rubin, Donald B},
  Journal                  = {Statistical Science},
  Year                     = {1992},
  Pages                    = {457--472},
  Volume                   = {7},

  Publisher                = {JSTOR}
}

@Book{gill2014bayesian,
  Title                    = {Bayesian methods: {A} social and behavioral sciences approach},
  Author                   = {Gill, Jeff},
  Address                  = {Boca Raton, FL},
  Publisher                = {Chapman {\&} Hall{/}CRC},
  Year                     = {2014}
}

@Article{gollwitzer1997implementation,
  Title                    = {Implementation intentions and effective goal pursuit},
  Author                   = {Gollwitzer, Peter M and Brandst{\"a}tter, Veronika},
  Journal                  = {Journal of Personality and Social Psychology},
  Year                     = {1997},
  Number                   = {1},
  Pages                    = {186--199},
  Volume                   = {73},

  Publisher                = {American Psychological Association}
}

@article{goodwin2014moral,
  title={Moral character predominates in person perception and evaluation},
  author={Goodwin, Geoffrey P and Piazza, Jared and Rozin, Paul},
  journal={Journal of Personality and Social Psychology},
  volume={106},
  number={1},
  pages={148--168},
  year={2014},
  publisher={American Psychological Association}
}

@Article{gray2009moral,
  Title                    = {Moral typecasting: {D}ivergent perceptions of moral agents and moral patients},
  Author                   = {Gray, Kurt and Wegner, Daniel M},
  Journal                  = {Journal of Personality and Social Psychology},
  Year                     = {2009},
  Number                   = {3},
  Pages                    = {505--520},
  Volume                   = {96},

  Publisher                = {American Psychological Association}
}

@article{greenberg1992people,
  title={Why do people need self-esteem? {C}onverging evidence that self-esteem serves an anxiety-buffering function},
  author={Greenberg, Jeff and Solomon, Sheldon and Pyszczynski, Tom and Rosenblatt, Abram and Burling, John and Lyon, Deborah and Simon, Linda and Pinel, Elizabeth},
  journal={Journal of Personality and Social Psychology},
  volume={63},
  number={6},
  pages={913--922},
  year={1992},
  publisher={American Psychological Association}
}

@article{greenwald1980totalitarian,
  title={The totalitarian ego: {F}abrication and revision of personal history.},
  author={Greenwald, Anthony G},
  journal={American Psychologist},
  volume={35},
  number={7},
  pages={603--618},
  year={1980},
  publisher={American Psychological Association}
}

@article{greenwald2000using,
  title={Using the implicit association test to measure self-esteem and self-concept.},
  author={Greenwald, Anthony G and Farnham, Shelly D},
  journal={Journal of Personality and Social Psychology},
  volume={79},
  number={6},
  pages={1022--1038},
  year={2000},
  publisher={American Psychological Association}
}

@article{hansford1982relationship,
  title={The relationship between self and achievement/performance measures},
  author={Hansford, Brian C and Hattie, John A},
  journal={Review of Educational Research},
  volume={52},
  number={1},
  pages={123--142},
  year={1982},
  publisher={Sage Publications}
}

@article{harmon1997terror,
  title={Terror management theory and self-esteem: {E}vidence that increased self-esteem reduced mortality salience effects},
  author={Harmon-Jones, Eddie and Simon, Linda and Greenberg, Jeff and Pyszczynski, Tom and Solomon, Sheldon and McGregor, Holly},
  journal={Journal of Personality and Social Psychology},
  volume={72},
  number={1},
  pages={24--36},
  year={1997},
  publisher={American Psychological Association}
}

@Article{hastings1970monte,
  Title                    = {Monte {C}arlo sampling methods using {M}arkov chains and their applications},
  Author                   = {Hastings, W Keith},
  Journal                  = {Biometrika},
  Year                     = {1970},
  Number                   = {1},
  Pages                    = {97--109},
  Volume                   = {57},

  Publisher                = {Biometrika Trust}
}

@article{heine2002terror,
  title={Terror management in {J}apan},
  author={Heine, Steven J and Harihara, Motoko and Niiya, Yu},
  journal={Asian Journal of Social Psychology},
  volume={5},
  number={3},
  pages={187--196},
  year={2002},
  publisher={Wiley Online Library}
}


@Incollection{higgins1996knowledge,
  author    = {Higgins, Edward Tory},
  title     = {Knowledge activation: {A}ccessibility, applicability, and salience},
  booktitle = {Social psychology: {H}andbook of basic principles},
  editor    = {Higgins, Edward Tory and Kruglanski, Arie},
  pages     = {133--168},
  year      = {1996},
  address   = {New York},
  publisher = {Guilford Press},
}

@Article{higgins1996self,
  author    = {Higgins, Edward Tory},
  title     = {The ``self digest'': {S}elf-knowledge serving self-regulatory functions},
  journal   = {Journal of Personality and Social Psychology},
  year      = {1996},
  volume    = {71},
  number    = {6},
  pages     = {1062--1083},
  publisher = {American Psychological Association},
}

@book{hogg1988social,
  title={Social identifications},
  author={Hogg, Michael A and Abrams, Dominic},
  year={1988},
  address={London},
  publisher={Routledge}
}

@article{iyer2012sugaring,
  title={Sugaring o'er the devil: Moral superiority and group identification help individuals downplay the implications of ingroup rule-breaking},
  author={Iyer, Aarti and Jetten, Jolanda and Haslam, S Alexander},
  journal={European Journal of Social Psychology},
  volume={42},
  number={2},
  pages={141--149},
  year={2012},
  publisher={Wiley Online Library}
}

@InCollection{jarymowicz1994poznawcza,
  author    = {Jarymowicz, M},
  title     = {Poznawcza indywiduacja a spo{\l}eczne identyfikacje: model zale{\.z}no{\'s}ci pomi{\k{e}}dzy odr{\k{e}}bno{\'s}ci{\k{a}} schemat{\'o}w Ja--My/Inni i gotowo{\'s}ci{\k{a}} do identyfikowania si{\k{e}} z innymi},
  booktitle = {Poza egocentryczn{\k{a}} perspektyw{\k{a}} widzenia siebie i {\'s}wiata},
  year      = {1994},
  editor    = {Jarymowicz, M},
  pages     = {107--125},
}

@Article{judd2005fundamental,
  Title                    = {Fundamental dimensions of social judgment: {U}nderstanding the relations between judgments of competence and warmth},
  Author                   = {Judd, Charles M and James-Hawkins, Laurie and Yzerbyt, Vincent and Kashima, Yoshihisa},
  Journal                  = {Journal of Personality and Social Psychology},
  Year                     = {2005},
  Number                   = {6},
  Pages                    = {899--913},
  Volume                   = {89},

  Publisher                = {American Psychological Association}
}

@article{judge2001relationship,
  title={Relationship of core self-evaluations traits—self-esteem, generalized self-efficacy, locus of control, and emotional stability—with job satisfaction and job performance: {A} meta-analysis.},
  author={Judge, Timothy A and Bono, Joyce E},
  journal={Journal of Applied Psychology},
  volume={86},
  number={1},
  pages={80--92},
  year={2001},
  publisher={American Psychological Association}
}

@Book{kruschke2014doing,
  Title                    = {Doing {B}ayesian data analysis: {A} tutorial with {R}, {JAGS}, and {S}tan},
  Author                   = {Kruschke, John},
  Publisher                = {Londyn: Academic Press},
  Year                     = {2014}
}

@Article{leach2007group,
  Title                    = {Group virtue: {T}he importance of morality (vs. competence and sociability) in the positive evaluation of in-groups},
  Author                   = {Leach, Colin Wayne and Ellemers, Naomi and Barreto, Manuela},
  Journal                  = {Journal of Personality and Social Psychology},
  Year                     = {2007},
  Number                   = {2},
  Pages                    = {234--249},
  Volume                   = {93},

  Publisher                = {American Psychological Association}
}

@Article{leary2000nature,
  Title                    = {The nature and function of self-esteem: {S}ociometer theory},
  Author                   = {Leary, Mark R and Baumeister, Roy F},
  Journal                  = {Advances in Experimental Social Psychology},
  Year                     = {2000},
  Pages                    = {1--62},
  Volume                   = {32},

  Publisher                = {Elsevier}
}

@Article{leary1995self,
  Title                    = {Self-esteem as an interpersonal monitor: {T}he sociometer hypothesis},
  Author                   = {Leary, Mark R and Tambor, Ellen S and Terdal, Sonja K and Downs, Deborah L},
  Journal                  = {Journal of Personality and Social Psychology},
  Year                     = {1995},
  Number                   = {3},
  Pages                    = {518--530},
  Volume                   = {68},

  Publisher                = {American Psychological Association}
}

@article{lickel2000varieties,
  title={Varieties of groups and the perception of group entitativity},
  author={Lickel, Brian and Hamilton, David L and Wieczorkowska, Grazyna and Lewis, Amy and Sherman, Steven J and Uhles, A Neville},
  journal={Journal of Personality and Social Psychology},
  volume={78},
  number={2},
  pages={223--246},
  year={2000},
  publisher={American Psychological Association}
}

@article{luhtanen1992collective,
  title={A collective self-esteem scale: {S}elf-evaluation of one's social identity},
  author={Luhtanen, Riia and Crocker, Jennifer},
  journal={Personality and Social Psychology Bulletin},
  volume={18},
  number={3},
  pages={302--318},
  year={1992},
  publisher={Sage Publications}
}

@Article{markus1977self,
  author    = {Markus, Hazel Rose},
  title     = {Self-schemata and processing information about the self},
  journal   = {Journal of Personality and Social Psychology},
  year      = {1977},
  volume    = {35},
  number    = {2},
  pages     = {63--78},
  publisher = {American Psychological Association},
}

@article{markus1991culture,
  title={Culture and the self: {I}mplications for cognition, emotion, and motivation.},
  author={Markus, Hazel Rose and Kitayama, Shinobu},
  journal={Psychological Review},
  volume={98},
  number={2},
  pages={224--253},
  year={1991},
  publisher={American Psychological Association}
}

@article{mcfarlin1984knowing,
  title={On knowing when to quit: {T}ask failure, self-esteem, advice, and nonproductive persistence},
  author={McFarlin, Dean B and Baumeister, Roy F and Blascovich, Jim},
  journal={Journal of Personality},
  volume={52},
  number={2},
  pages={138--155},
  year={1984},
  publisher={Wiley Online Library}
}

@Article{merritt2010moral,
  Title                    = {Moral self-licensing: {W}hen being good frees us to be bad},
  Author                   = {Merritt, Anna C and Effron, Daniel A and Monin, Benoit},
  Journal                  = {Social and Personality Psychology Compass},
  Year                     = {2010},
  Number                   = {5},
  Pages                    = {344--357},
  Volume                   = {4},

  Publisher                = {Wiley Online Library}
}

@Article{monin2001moral,
  Title                    = {Moral credentials and the expression of prejudice},
  Author                   = {Monin, Benoit and Miller, Dale T},
  Journal                  = {Journal of Personality and Social Psychology},
  Year                     = {2001},
  Number                   = {1},
  Pages                    = {33--43},
  Volume                   = {81},

  Publisher                = {American Psychological Association}
}

@article{oldmeadow2010social,
  title={Social status and the pursuit of positive social identity: Systematic domains of intergroup differentiation and discrimination for high-and low-status groups},
  author={Oldmeadow, Julian A and Fiske, Susan T},
  journal={Group Processes \& Intergroup Relations},
  volume={13},
  number={4},
  pages={425--444},
  year={2010},
  publisher={Sage Publications}
}

@Article{pagliaro2011sharing,
  Title                    = {Sharing moral values: {A}nticipated ingroup respect as a determinant of adherence to morality-based (but not competence-based) group norms},
  Author                   = {Pagliaro, Stefano and Ellemers, Naomi and Barreto, Manuela},
  Journal                  = {Personality and Social Psychology Bulletin},
  Year                     = {2011},
  Number                   = {37},
  Pages                    = {1117--1129},
  Volume                   = {XX},

  Publisher                = {Sage Publications}
}

@article{peeters1992evaluative,
  title={Evaluative meanings of adjectives invitro and in context: {S}ome theoretical implications and practical consequences of positive-negative asymmetry and behavioral-adaptive concepts of evaluation},
  author={Peeters, Guido},
  journal={Psychologica Belgica},
  volume={32},
  number={2},
  pages={211--231},
  year={1992},
  publisher={Belgian psychol soc}
}

@Article{pyszczynski2004people,
  Title                    = {Why do people need self-esteem? {A} theoretical and empirical review},
  Author                   = {Pyszczynski, Tom and Greenberg, Jeff and Solomon, Sheldon and Arndt, Jamie and Schimel, Jeff},
  Journal                  = {Psychological Bulletin},
  Year                     = {2004},
  Number                   = {3},
  Pages                    = {435--468},
  Volume                   = {130},

  Publisher                = {American Psychological Association}
}

@Article{raskin1991narcissistic,
  Title                    = {Narcissistic self-esteem management},
  Author                   = {Raskin, Robert and Novacek, Jill and Hogan, Robert},
  Journal                  = {Journal of Personality and Social Psychology},
  Year                     = {1991},
  Number                   = {6},
  Pages                    = {911--918},
  Volume                   = {60},

  Publisher                = {American Psychological Association}
}

@Book{rosenberg1965society,
  Title                    = {Society and the adolescent self-image},
  Author                   = {Rosenberg, Morris},
  Publisher                = {Princeton: Princeton University Press},
  Year                     = {1965}
}

@article{rosenberg1968multidimensional,
  title={A multidimensional approach to the structure of personality impressions},
  author={Rosenberg, Seymour and Nelson, Carnot and Vivekananthan, P. S.},
  journal={Journal of Personality and Social Psychology},
  volume={9},
  number={4},
  pages={283--294},
  year={1968},
  publisher={American Psychological Association}
}

@Article{steele1988psychology,
  Title                    = {The psychology of self-affirmation: {S}ustaining the integrity of the self},
  Author                   = {Steele, Claude M},
  Journal                  = {Advances in Experimental Social Psychology},
  Year                     = {1988},
  Pages                    = {261--302},
  Volume                   = {21},

  Publisher                = {Elsevier}
}

@article{sullivan2010existential,
  title={An existential function of enemyship: {E}vidence that people attribute influence to personal and political enemies to compensate for threats to control},
  author={Sullivan, Daniel and Landau, Mark J and Rothschild, Zachary K},
  journal={Journal of Personality and Social Psychology},
  volume={98},
  number={3},
  pages={434--449},
  year={2010},
  publisher={American Psychological Association}
}

@Article{tafarodi2002decomposing,
  Title                    = {Decomposing global self-esteem},
  Author                   = {Tafarodi, Romin W and Milne, Alan B},
  Journal                  = {Journal of Personality},
  Year                     = {2002},
  Number                   = {4},
  Pages                    = {443--484},
  Volume                   = {70},

  Publisher                = {Wiley Online Library}
}

@Article{tafarodi1995self,
  Title                    = {Self-liking and self-competence as dimensions of global self-esteem: {I}nitial validation of a measure},
  Author                   = {Tafarodi, Romin W and Swann, William B},
  Journal                  = {Journal of Personality Assessment},
  Year                     = {1995},
  Number                   = {2},
  Pages                    = {322--342},
  Volume                   = {65},

  Publisher                = {Taylor {\&} Francis}
}

@article{tafarodi2001two,
  title={Two-dimensional self-esteem: Theory and measurement},
  author={Tafarodi, Romin W and Swann, William B},
  journal={Personality and Individual Differences},
  volume={31},
  number={5},
  pages={653--673},
  year={2001},
  publisher={Elsevier}
}

@article{tesser1988toward,
  title={Toward a self-evaluation maintenance model of social behavior},
  author={Tesser, Abraham},
  journal={Advances in Experimental Social Psychology},
  volume={21},
  pages={181--227},
  year={1988},
  publisher={Elsevier}
}

@book{turner1987rediscovering,
  title={Rediscovering the social group: {A} self-categorization theory.},
  author={Turner, John C and Hogg, Michael A and Oakes, Penelope J and Reicher, Stephen D and Wetherell, Margaret S},
  year={1987},
  address={Oxford},
  publisher={Basil Blackwell}
}

@article{turner1994self,
  title={Self and collective: {C}ognition and social context},
  author={Turner, John C and Oakes, Penelope J and Haslam, S Alexander and McGarty, Craig},
  journal={Personality and Social Psychology Bulletin},
  volume={20},
  pages={454--454},
  year={1994},
  publisher={SAGE PERIODICALS PRESS}
}

@article{wojciszke1994multiple,
  title={Multiple meanings of behavior: Construing actions in terms of competence or morality.},
  author={Wojciszke, Bogdan},
  journal={Journal of Personality and Social Psychology},
  volume={67},
  number={2},
  pages={222--232},
  year={1994},
  publisher={American Psychological Association}
}

@article{wojciszke1997parallels,
  title={Parallels between competence- versus morality-related traits and individualistic versus collectivistic values},
  author={Wojciszke, Bogdan},
  journal={European Journal of Social Psychology},
  volume={27},
  number={3},
  pages={245--256},
  year={1997}
}

@article{wojciszke1998dominance,
  title={On the dominance of moral categories in impression formation},
  author={Wojciszke, Bogdan and Bazinska, Roza and Jaworski, Marcin},
  journal={Personality and Social Psychology Bulletin},
  volume={24},
  number={12},
  pages={1251--1263},
  year={1998},
  publisher={Sage Publications}
}

@article{wojciszke2005morality,
  title={Morality and competence in person and self-perception},
  author={Wojciszke, Bogdan},
  journal={European Review of Social Psychology},
  volume={16},
  number={1},
  pages={155--188},
  year={2005},
  publisher={Taylor \& Francis}
}

@article{wojciszke2008primacy,
  title={The primacy of communion over agency and its reversals in evaluations},
  author={Wojciszke, Bogdan and Abele, Andrea E},
  journal={European Journal of Social Psychology},
  volume={38},
  number={7},
  pages={1139--1147},
  year={2008},
  publisher={Wiley Online Library}
}

@article{wojciszke2011self,
  Title                    = {Self-esteem is dominated by agentic over communal information},
  Author                   = {Wojciszke, Bogdan and Bary{\l}a, Wies{\l}aw and Parzuchowski, Micha{\l} and Szymkow, Aleksandra and Abele, Andrea E},
  Journal                  = {European Journal of Social Psychology},
  Year                     = {2011},
  Number                   = {5},
  Pages                    = {617--627},
  Volume                   = {41},

  Publisher                = {Wiley Online Library}
}

@article{wojciszke2006perspektywa,
  title={Perspektywa sprawcy i biorcy w spostrzeganiu siebie i innych},
  author={Wojciszke, Bogdan and Bary{\l}a, Wies{\l}aw},
  journal={Psychologia Spo{\l}eczna},
  volume={1},
  number={1},
  pages={9--32},
  year={2006}
}

@article{wojciszke2010skale,
  Title                    = {Skale do pomiaru orientacji sprawczej i wsp\'{o}lnotowej},
  Author                   = {Wojciszke, Bogdan and Szlendak, Monika A},
  Journal                  = {Psychologia Społeczna},
  Year                     = {2010},
  Number                   = {1},
  Pages                    = {57--70},
  Volume                   = {5}
}

@book{wojciszke2010sprawczosc,
  Title                    = {Sprawczość i wspólnotowość. {P}odstawowe wymiary spostrzegania społecznego},
  Author                   = {Wojciszke, Bogdan},
  Year                     = {2010},
  Address                  = {Gdańsk},
  Publisher                = {Gdańskie Wydawnictwo Psychologiczne}
}

@Article{ellemers2012group,
  author    = {Ellemers, Naomi},
  title     = {The group self},
  journal   = {Science},
  year      = {2012},
  volume    = {336},
  number    = {6083},
  pages     = {848--852},
  publisher = {American Association for the Advancement of Science},
}

@Article{branscombe1994collective,
  author    = {Branscombe, Nyla R and Wann, Daniel L},
  title     = {Collective self-esteem consequences of outgroup derogation when a valued social identity is on trial},
  journal   = {European Journal of Social Psychology},
  year      = {1994},
  volume    = {24},
  number    = {6},
  pages     = {641--657},
  publisher = {Wiley Online Library},
}

@Article{jetten1997distinctiveness,
  author  = {Jetten, Jolanda and Spears, Russell and Manstead, Antony SR},
  title   = {Distinctiveness threat and prototypicality: {C}ombined effects on intergroup discrimination and collective self-esteem},
  journal = {European Journal of Social Psychology},
  year    = {1997},
  volume  = {27},
  number  = {6},
  pages   = {635--657},
}

@Article{butler2005collective,
  author    = {Butler, S and Constantine, Madonna},
  title     = {Collective self-esteem and burnout in professional school counselors},
  journal   = {Professional School Counseling},
  year      = {2005},
  volume    = {9},
  number    = {1},
  pages     = {55--62},
  publisher = {American School Counselor Association},
}

@Article{castano2004case,
  author    = {Castano, Emanuele},
  title     = {In case of death, cling to the ingroup},
  journal   = {European Journal of Social Psychology},
  year      = {2004},
  volume    = {34},
  number    = {4},
  pages     = {375--384},
  publisher = {Wiley Online Library},
}

@Article{hogg2000subjective,
  author    = {Hogg, Michael A},
  title     = {Subjective uncertainty reduction through self-categorization: {A} motivational theory of social identity processes},
  journal   = {European Review of Social Psychology},
  year      = {2000},
  volume    = {11},
  number    = {1},
  pages     = {223--255},
  publisher = {Taylor \& Francis},
}

@Article{reicher1995social,
  author    = {Reicher, Stephen D and Spears, Russell and Postmes, Tom},
  title     = {A social identity model of deindividuation phenomena},
  journal   = {European Review of Social Psychology},
  year      = {1995},
  volume    = {6},
  number    = {1},
  pages     = {161--198},
  publisher = {Taylor \& Francis},
}

@Article{van2008toward,
  author    = {Van Zomeren, Martijn and Postmes, Tom and Spears, Russell},
  title     = {Toward an integrative social identity model of collective action: {A} quantitative research synthesis of three socio-psychological perspectives},
  journal   = {Psychological Bulletin},
  year      = {2008},
  volume    = {134},
  number    = {4},
  pages     = {504--535},
  publisher = {American Psychological Association},
}

@Article{wojciszke2009two,
  author    = {Wojciszke, Bogdan and Abele, Andrea E and Baryla, Wies{\l}aw},
  title     = {Two dimensions of interpersonal attitudes: {L}iking depends on communion, respect depends on agency},
  journal   = {European Journal of Social Psychology},
  year      = {2009},
  volume    = {39},
  number    = {6},
  pages     = {973--990},
  publisher = {Wiley Online Library},
}

@Article{heatherton1991development,
  author    = {Heatherton, Todd F and Polivy, Janet},
  title     = {Development and validation of a scale for measuring state self-esteem},
  journal   = {Journal of Personality and Social psychology},
  year      = {1991},
  volume    = {60},
  number    = {6},
  pages     = {895--910},
  publisher = {American Psychological Association},
}

@Article{raskin1979narcissistic,
  author  = {Raskin, R and Hall, C. S.},
  title   = {A narcissistic personality inventory},
  journal = {Psychological Reports},
  year    = {1979},
  volume  = {45},
  pages   = {590},
}

@InCollection{koole20030nature,
  author    = {Koole, S. L. and Pelham, Brett W.},
  title     = {0n the Nature of Implicit Self-Esteem: {T}he Case of the Name Letter Effect},
  booktitle = {Motivated social perception: {T}he Ontario symposium},
  publisher = {Lawrence Erlbaum},
  year      = {2003},
  editor    = {Spencer, S and Fein, S. and Zanna, M. P.},
  volume    = {9},
  pages     = {93--166},
  address   = {Hillsdale, NJ},
}

@Article{higgins2003measuring,
  author    = {Higgins, Julian PT and Thompson, Simon G and Deeks, Jonathan J and Altman, Douglas G},
  title     = {Measuring inconsistency in meta-analyses},
  journal   = {{BMJ}},
  year      = {2003},
  volume    = {327},
  number    = {7414},
  pages     = {557--560},
  publisher = {British Medical Journal Publishing Group},
}

@Article{baryla2005wplyw,
  author  = {Bary{\l}a, Wies{\l}aw},
  title   = {Wp{\l}yw przypisywania sobie pozytywnych cech na ruminacje i samoocene. {A}symetria pomiedzy moralnoscia a sprawnoscia},
  journal = {Kolokwia Psychologiczne},
  year    = {2005},
  volume  = {13},
  pages   = {49--66},
}

@Comment{jabref-meta: databaseType:bibtex;}
